
@misc{pickle,
  title = {Python object serialization},
  howpublished = {\url{https://docs.python.org/3.6/library/pickle.html}},
  note = {Accessed: 2019-06-09}
}

@misc{zeroconf,
  title = {{Zeroconf}},
  howpublished = {\url{https://pypi.org/project/zeroconf/}},
  note = {Accessed: 2019-08-23}
}

@misc{ohwr,
  title = {{Open Hardware Repository}},
  howpublished = {\url{https://ohwr.org/}},
  note = {Accessed: 2019-08-22}
}

@misc{distributed_oscilloscope,
  title = {{Distributed Oscilloscope}},
  howpublished = {\url{https://ohwr.org/project/distributed-oscilloscope}},
  note = {Accessed: 2019-08-22}
}



@misc{numpy,
  title = {{NumPy}},
  howpublished = {\url{https://www.numpy.org/}},
  note = {Accessed: 2019-07-15}
}


@misc{python_unittest,
  title = {Unit testing framework},
  howpublished = {\url{https://docs.python.org/3.6/library/unittest.html}},
  note = {Accessed: 2019-06-30}
}


@misc{ctypes,
  title = {A foreign function library for Python},
  howpublished = {\url{https://docs.python.org/3.6/library/ctypes.html}},
  note = {Accessed: 2019-06-23}
}


@misc{qt_signals_slots,
  title = {{Qt Documentation, Signals \& Slots}},
  howpublished = {\url{https://doc.qt.io/qt-5/signalsandslots.html}},
  note = {Accessed: 2019-06-16}
}


@misc{protobuf,
  title = {Protocol Buffers --- Developer Guide},
  howpublished = {\url{https://developers.google.com/protocol-buffers/docs/overview}},
  note = {Accessed: 2019-06-09}
}


@misc{json,
  title = {Introducing {JSON}},
  howpublished = {\url{https://www.json.org/}},
  note = {Accessed: 2019-06-09}
}




@misc{zeromq_guide,
  title = {{ZeroMQ} guide},
  howpublished = {\url{http://zguide.zeromq.org/page:all}},
  note = {Accessed: 2019-06-08}
}



@misc{mockturtle_ohwr,
  title = {{The Mock Turtle Core}},
  howpublished = {\url{https://www.ohwr.org/project/mock-turtle/wikis/home}},
  note = {Accessed: 2019-06-08}
}


@misc{spec_ohwr,
  title = {Simple {PCIe FMC} carrier ({SPEC})},
  howpublished = {\url{https://www.ohwr.org/project/spec/wikis/home}},
  note = {Accessed: 2019-06-08}
}


@misc{OASIS,
  title = {Open Analogue Signal Information System},
  howpublished = {\url{https://be-dep-co.web.cern.ch/content/oasis}},
  note = {Accessed: 2019-07-29}
}

@article{LIST_instability_diagnostics,
      author        = "Levens, T and Boccardi, A and Butterworth, A and Carver, L
                       R and Daniluk, G and Gasior, M and Höfle, W and Jones, O R
                       and Kotzian, G and Lefevre, T and Molendijk, J C and
                       Sandonís, M Ojeda and Serrano, J and Valuch, D and
                       Włostowski, T and Vaga, F",
      title         = "{Instability diagnostics}",
      pages         = "137-142. 6 p",
      year          = "2016",
      url           = "https://cds.cern.ch/record/2294526",
}

@misc{LIST_wiki,
  title = {LHC Instability Trigger Distribution project},
  howpublished = {\url{https://ohwr.org/project/list/wikis/home}},
  note = {Accessed: 2019-06-15}
}

@misc{fmc_adc_ohwr,
  title = {{FPGA Mezzanine Card, ADC 100M 14b 4cha}},
  howpublished = {\url{https://www.ohwr.org/project/fmc-adc-100m14b4cha/wikis/home}},
  note = {Accessed: 2019-06-08}
}

@TECHREPORT{fmc_adc_spec,
  AUTHOR =        {M. Fimiarz},
  TITLE =         {{FmcAdc100M14b4ch_b}
                  },
  MONTH =         {10},
  YEAR  =         {2009},
}

@MastersThesis{wr_master,
	title = {Precise time and frequency transfer in a White Rabbit network},
	author = {Włostoswki, T.},
	year = {2011},
	school = {Warsaw University of Technology},
}

@MastersThesis{ptp_master,
	title = {{White Rabbit PTP Core the sub-nanosecond time synchronization over Ethernet}},
	author = {Daniluk, G.},
	year = {2012},
	school = {Warsaw University of Technology},
}

@ARTICLE{ptp,
author={},
journal={IEEE Std 1588-2008 (Revision of IEEE Std 1588-2002)},
title={{IEEE} Standard for a Precision Clock Synchronization Protocol for Networked Measurement and Control Systems},
year={2008},
volume={},
number={},
pages={1-300},
keywords={distributed control;IEEE standards;protocols;synchronisation;IEEE standard;precision clock synchronization protocol;networked measurement;networked control systems;network communication;local clock computing resources;distributed objects;packet networks;heterogeneous systems;system-wide synchronization accuracy;1588-2008;boundary clock;clock;distributed system;master clock;measurement and control system;real-time clock;synchronized clock;transparent clock},
doi={10.1109/IEEESTD.2008.4579760},
ISSN={},
month={07},
}

@TECHREPORT{wr_spec,
  AUTHOR =        {E. Cota and M. Lipiński and T. Włostowski and
                   E. van der Bij and J. Serrano},
  TITLE =         {{White Rabbit Specification: Draft for comments}
                  },
  MONTH =         {07},
  YEAR  =         {2011},
}

@TECHREPORT{zmq_comparison,
  AUTHOR =        {A. Dworak and F. Ehm and W. Sliwinski and M. Sobczak},
  TITLE =         {MIDDLEWARE TRENDS AND MARKET LEADERS 2011
                  },
  YEAR  =         {2011},
}


@InProceedings{zmq_icaleps,
  author       = {J. Lauener and W. Sliwinski},
  title        = {{H}ow to {D}esign \& {I}mplement a {M}odern {C}ommunication {M}iddleware {B}ased on {Z}ero{MQ}},
  booktitle    = {Proc. of International Conference on Accelerator and Large Experimental Control Systems (ICALEPCS'17),
                  Barcelona, Spain, 8-13 October 2017},
  pages        = {45--51},
  paper        = {MOBPL05},
  language     = {english},
  keywords     = {ion, CORBA, controls, framework, interface},
  venue        = {Barcelona, Spain},
  series       = {International Conference on Accelerator and Large Experimental Control Systems},
  number       = {16},
  publisher    = {JACoW},
  address      = {Geneva, Switzerland},
  month        = {01},
  year         = {2018},
  isbn         = {978-3-95450-193-9},
  doi          = {https://doi.org/10.18429/JACoW-ICALEPCS2017-MOBPL05},
  url          = {http://jacow.org/icalepcs2017/papers/mobpl05.pdf},
  note         = {https://doi.org/10.18429/JACoW-ICALEPCS2017-MOBPL05},
}

@techreport{wrs,
  title={{White Rabbit Switch}},
  author={{Seven Solutions}},
  note = {url: \url{http://www.sheffieldsolarfarm.group.shef.ac.uk/solar-panel-data}, Accessed: 2019-05-30},
}

@manual{datasheet:LTC2174,
    organization  = "Linear Technology",
    title         = "{14-Bit, 125Msps/105Msps/80Msps Low Power Quad ADCs}",
    number        = "LTC2174",
    year          =  2011,
    month         =  6,    
    note          = "Rev. A"
}

@techreport{fmc_adc_gateware_guide,
  title={{FmcAdc100m14b4cha Gateware Guide}},
  author={{Matthieu Cattin and Dimitrios Lampridis}},
  note = {git: \url{https://ohwr.org/project/fmc-adc-100m14b4cha-gw.git}, Accessed: 2019-06-08},
}

@manual{specification:LXI,
    organization  = "LXI Consortium",
    title         = "{LXI Device Specification}",
    year          =  2016,
    month         =  3,    
    note          = "Rev. 1.5.01"
}

@manual{specification:IVI_LXI_Sync,
    organization  = "Interchangeable Virtual Instruments",
    title         = "{IviLxiSync Specification}",
    number        = "IVI-3.15",
    year          =  2018,
    month         =  8,    
    note          = "Rev. 2.0"
}

@INPROCEEDINGS{temp_dep_coax_cables,
author={Z. {Konečná}},
booktitle={2016 Conference on Diagnostics in Electrical Engineering (Diagnostika)},
title={Temperature dependence of electrical parameters of coaxial cables},
year={2016},
volume={},
number={},
pages={1-4},
keywords={coaxial cables;dielectric materials;XLPE insulation;coaxial cables;electrical parameters;temperature dependence;accelerated thermal ageing;Arrhenius approach;cable functionality;nuclear power plant accident;elevated temperature;cable system diagnostics;ambient temperature;dielectric material;Teflon dielectric;cross-linked polyethylene;XLPE;Temperature measurement;Coaxial cables;Temperature dependence;Temperature;Dielectrics;Cable insulation;temperature dependence;coaxial cables;Teflon dielectric;polyethylene dielectric;insulation resistance},
doi={10.1109/DIAGNOSTIKA.2016.7736480},
ISSN={},
month={8},}